<?xml version="1.0" encoding="UTF-8"?><collection><record><leader>08391ntm a2200565 a 4500</leader><controlfield tag="001">006806858</controlfield><controlfield tag="003">MiAaHDL</controlfield><controlfield tag="005">20190719000000.0</controlfield><controlfield tag="006">m        d        </controlfield><controlfield tag="007">cr bn ---auaua</controlfield><controlfield tag="008">090603s1447    sy            00| ||ara d</controlfield><datafield tag="035" ind1=" " ind2=" "><subfield code="a">(MiU)006806858</subfield></datafield><datafield tag="035" ind1=" " ind2=" "><subfield code="a">sdr-miu006806858</subfield></datafield><datafield tag="040" ind1=" " ind2=" "><subfield code="a">MiU</subfield><subfield code="c">MiU</subfield><subfield code="e">amremm</subfield></datafield><datafield tag="043" ind1=" " ind2=" "><subfield code="a">n-us-mi</subfield></datafield><datafield tag="100" ind1="1" ind2=" "><subfield code="6">880-01</subfield><subfield code="a">Bukhārī, Muḥammad ibn Ismāʻīl,</subfield><subfield code="d">810-870.</subfield></datafield><datafield tag="240" ind1="1" ind2="0"><subfield code="6">880-05</subfield><subfield code="a">Jāmiʻ al-ṣaḥīḥ.</subfield><subfield code="k">Selections</subfield></datafield><datafield tag="245" ind1="1" ind2="3"><subfield code="6">880-03</subfield><subfield code="a">[al-Jāmi al-ṣaḥīḥ ... etc.,</subfield><subfield code="f">851, i.e., 1447].</subfield></datafield><datafield tag="260" ind1=" " ind2=" "><subfield code="a">[Damascus,</subfield><subfield code="c">1447].</subfield></datafield><datafield tag="300" ind1=" " ind2=" "><subfield code="a">198 leaves :</subfield><subfield code="b">paper ;</subfield><subfield code="c">220 x 165 (149 x 95 ; 155 x 113) mm.</subfield></datafield><datafield tag="500" ind1=" " ind2=" "><subfield code="a">Shelfmark: Ann Arbor, University of Michigan, Special Collections Library, Isl. Ms. 491</subfield></datafield><datafield tag="500" ind1=" " ind2=" "><subfield code="a">Origin: As appears in colophon on p.406, Ṣaḥīḥ al-Bukhārī copied by Ibrāhīm ibn Mājid ibn ʻAbd Allāh al-Barādi‘ī al-Ramlī with transcription completed 23 Rabī‘ I 851 [ca. 8 June 1447] in Damascus, where he was residing.</subfield></datafield><datafield tag="500" ind1=" " ind2=" "><subfield code="a">Accompanying materials: a. Acquisitions slip from Yahuda (pp.1-2) -- b. Inventory cataloguing slip in hand of Winifred Smeaton Thomas (pp.3-4) -- c. Slip marking opening of extract from al-Bukhārī in hand of Winifred Smeaton Thomas (pp.87-88) -- d. Small scraps left by inventory cataloguer (pp.225-226 and 241-242).</subfield></datafield><datafield tag="500" ind1=" " ind2=" "><subfield code="a">Former shelfmark: From inner front cover, p.5 (once 'opening' leaf), inner back cover, and spine label, "IL 235" (likely supplied by Yahuda, see acquisitions slip).</subfield></datafield><datafield tag="500" ind1=" " ind2=" "><subfield code="a">Binding: Pasteboards covered in light brown leather ; Type II binding (with flap) ; board linings in dark blue (indigo) laid paper ; upper and lower covers carry blind-stamped mandorla (filled with assymetrical vegetal composition, compare Déroche class. OAi) and pendants, along with tooled rosette accents and rule-border ; design continues on flap ; sewing mainly gone but originally in two stations ; endbands gone ; overall in somewhat poor condition with abrasion, staining, lifting and losses of leather (mainly at spine), fore edge flap detaching, etc. as well as simply serving as a wrapper for this textblock (never fully attached) and grossly ill-fitting (most likely reuse of a cover made for a different manuscript, smaller in size ; see possible contents listing on upper board lining).</subfield></datafield><datafield tag="500" ind1=" " ind2=" "><subfield code="a">Support: non-European laid paper in at least two types ; Ṣaḥīḥ Muslim extract on a well-burnished and quite smooth paper with roughly 6-7 laid lines per cm. (20 in 30 mm., vertical) and grouped chain lines (possibly in threes and twos) with 9-14 between chains and 42-58 between groups (horizontal), some leaves yellow tinted, leaf carrying pp.79-80 delaminating, moisture damage resulting in minor blocking, possibly a second type as well ; Ṣaḥīḥ al-Bukhārī on a lightly burnished paper, thick and sturdy with roughly 7-9 laid lines per cm. (vertical, fairly diffuse, curved and sagging) and chain lines grouped in threes with 8-9 mm. between chains and 57-66 between groups (horizontal) ; replacement bifolium supplying pp.317-18 and 323-324 in European paper with scrollwork/coat of arms watermark with diamond flanked by C’s at center (compare motif as appears in Heawood no. 3728), crown and flanking plumes over "EAM" [or "FAM" ?].</subfield></datafield><datafield tag="500" ind1=" " ind2=" "><subfield code="a">Decoration: Keywords and abbreviation symbols (mainly sigla) rubricated ; some section headings in Ṣaḥīḥ Muslim chrysographed.</subfield></datafield><datafield tag="500" ind1=" " ind2=" "><subfield code="a">Script: Naskh ; two elegant 'Syrian' hands ; hand supplying opening work [likely an extract from Muslim] serifless and fairly vertical, with curvilinear descenders (many sweeping), pointing in distinct dots, elongation of horizontal strokes, closed and open counters ; hand supplying al-Bukhārī virtually serifless (though slight right-sloping head-serifs appear irregularly) with slight effect of tilt to the left and occasional slight effect of words desending to baseline, pointing in distinct dots, alif following qāf often curving up and above ; partially vocalized.</subfield></datafield><datafield tag="500" ind1=" " ind2=" "><subfield code="a">Layout: Written in 15 lines per page ; frame-ruled (impression of misṭarah evident).</subfield></datafield><datafield tag="500" ind1=" " ind2=" "><subfield code="a">Collation: [a poor, haphazard assemblage of anomalous quires, initially entirely out of order according to the extant catchwords and text, none fully intact, only a few bifolia intact] (40), V-1 (49), 14 (189), V-1 (198) ; chiefly quinions (where intact and discernible) ; quire numbering in the form of whole words with catch title in the upper outer corner of the recto of the opening leaf of each quire (mainly for Ṣaḥīḥ al-Bukhārī, though appear twice in opening extract from Ṣaḥīḥ Muslim, indicating the 2nd and 20th quires of the seventh volume, see p.33 and p.61) catchwords present in Ṣaḥīḥ al-Bukhārī ; pagination in pencil, Western numerals, supplied during digitization (includes inserts and entered prior to collation and proper rearrangement of the quires in the opening section such their order is now pp.31-34, 71-72, 65-68, 73-74, 81-82, 79-80, 5-6, 29-30, 75-76, 63-64, 47-48, 39-40, 45-46, 37-38, 69-70, 77-78, 51-52, 13-22, 27-28, 35-36, 49-50, 83-86, 23-26, 41-44, 57-60, 55-56, 53-54, 61-62, 7-12 according to the catchwords and text as it appears in the Istanbul 1911-1915 edition).</subfield></datafield><datafield tag="500" ind1=" " ind2=" "><subfield code="a">Colophon: "Scribal," rectangular, reads "تم الجامع الصحيح لمحمد بن اسماعيل البخاري رحمة الله عليه والحمد لله والصلاة على رسول الله صلى الله عليه وسلم على يد اضعف الخلق واحوجهم الى عفو الله ورحمته العبد الفقير الذليل الحقير ابراهيم بن ماجد بن عبد الله البرادعي الرملي المقيم يومئذ بدمشق ووافق الفراغ من نسخه يوم الخميس ثالث عشرين من شهر ربيع الاول سنة احد وخمسين وثمانمائة وبالله التوفيق وهو حسبي ونعم الوكيل وصلى الله على سيدنا محمد واله وصحبه اجمعين"</subfield></datafield><datafield tag="500" ind1=" " ind2=" "><subfield code="a">Title supplied by cataloguer.</subfield></datafield><datafield tag="500" ind1=" " ind2=" "><subfield code="a">Ms. composite codex.</subfield></datafield><datafield tag="510" ind1="4" ind2=" "><subfield code="a">Ḥājjī Khalīfah. Kashf al-ẓunūn,</subfield><subfield code="c">ii, 512</subfield></datafield><datafield tag="510" ind1="4" ind2=" "><subfield code="a">Brockelmann, C. GAL</subfield><subfield code="c">I 157-158</subfield></datafield><datafield tag="520" ind1="8" ind2=" "><subfield code="a">Elegant copy of an odd twelfth volume of Ṣaḥīḥ al-Bukhārī (opening at p.89 in the first bāb of Kitāb al-Taʻbīr and closing with the final bāb of Kitāb al-Tawḥīd) preceded by a quite imperfect odd seventh volume of Ṣaḥīḥ Muslim (as extant, opening in Bāb Jawāz akhdh al-ujrah ʻalá al-ruqyah bi-al-Qurʼān wa-al-adhkār of Kitāb al-Salām and closing in Bāb Dhamm dhī al-wajhayn wa-taḥrīm fiʻlih of Kitāb al-Birr wa-al-ṣilah). Upper board lining carries a contents listing for a manuscript previously bound in this cover (very obviously ill-fitting this manuscript).</subfield></datafield><datafield tag="538" ind1=" " ind2=" "><subfield code="a">Mode of access: Internet.</subfield></datafield><datafield tag="541" ind1=" " ind2=" "><subfield code="a">Acquired in 1926 from the bookseller Isaac Benjamin S.E. Yahuda via purchase transacted on his behalf by his younger brother, the famous Orientalist and manuscript collector Abraham Shalom Yahuda (1877-1951).</subfield></datafield><datafield tag="546" ind1=" " ind2=" "><subfield code="a">Arabic.</subfield></datafield><datafield tag="561" ind1=" " ind2=" "><subfield code="a">Labels (partly gone) on upper cover and spine with shelfmarks, title, etc. ; glosses, marginal corrections, and notabilia (side-heads) ; collation notes in opening work (see p.76) ; possible expunged waqf statement at head of several leaves (see p.168).</subfield></datafield><datafield tag="650" ind1=" " ind2="0"><subfield code="a">Manuscripts, Arabic</subfield><subfield code="z">Michigan</subfield><subfield code="z">Ann Arbor.</subfield></datafield><datafield tag="650" ind1=" " ind2="0"><subfield code="a">Hadith</subfield><subfield code="v">Texts</subfield><subfield code="v">Early works to 1800.</subfield></datafield><datafield tag="700" ind1="0" ind2=" "><subfield code="6">880-05</subfield><subfield code="a">Ibrahīm ibn Mājid ibn ‘Abd Allah al-Barādi‘ī al-Ramlī,</subfield><subfield code="d">fl. 1447,</subfield><subfield code="e">scribe.</subfield></datafield><datafield tag="700" ind1="0" ind2="2"><subfield code="6">880-04</subfield><subfield code="a">Muslim ibn al-Ḥajjāj al-Qushayrī,</subfield><subfield code="d">approximately 821-875.</subfield><subfield code="t">Jāmiʻ al-ṣaḥīḥ.</subfield><subfield code="k">Selections.</subfield></datafield><datafield tag="773" ind1="0" ind2=" "><subfield code="a">Yahuda Collection.</subfield></datafield><datafield tag="880" ind1="0" ind2=" "><subfield code="6">700-05/</subfield><subfield code="a">ابراهيم بن ماجد بن عبد الله البرادعي الرملي,</subfield><subfield code="e">ناسخ.</subfield></datafield><datafield tag="880" ind1="1" ind2="2"><subfield code="6">700-04/</subfield><subfield code="a">مسلم بن الحجاج القشيري.</subfield><subfield code="t">جامع الصحيح.</subfield><subfield code="k">مختارات.</subfield></datafield><datafield tag="880" ind1="1" ind2="2"><subfield code="6">245-03/</subfield><subfield code="a">[الجامع الصحيح ... الخ,</subfield><subfield code="f">851ه، 1447م].</subfield></datafield><datafield tag="880" ind1="1" ind2="0"><subfield code="6">240-05/</subfield><subfield code="a">جامع الصحيح.</subfield><subfield code="k">مختارات</subfield></datafield><datafield tag="880" ind1="1" ind2=" "><subfield code="6">100-01/</subfield><subfield code="a">بخاري، محمد بن اسماعيل.</subfield></datafield><datafield tag="CID" ind1=" " ind2=" "><subfield code="a">006806858</subfield></datafield><datafield tag="DAT" ind1="0" ind2=" "><subfield code="a">20190719102637.0</subfield><subfield code="b">20190719000000.0</subfield></datafield><datafield tag="DAT" ind1="1" ind2=" "><subfield code="a">20190719090653.0</subfield><subfield code="b">2019-07-19T16:10:26Z</subfield></datafield><datafield tag="DAT" ind1="2" ind2=" "><subfield code="a">2015-10-02T18:00:03Z</subfield></datafield><datafield tag="CAT" ind1=" " ind2=" "><subfield code="a">SDR-MIU</subfield><subfield code="d">EX LIBRIS - ALEPH</subfield><subfield code="l">prepare.pl-004-008</subfield></datafield><datafield tag="FMT" ind1=" " ind2=" "><subfield code="a">BK</subfield></datafield><datafield tag="HOL" ind1=" " ind2=" "><subfield code="0">sdr-miu006806858</subfield><subfield code="a">MiU</subfield><subfield code="b">SDR</subfield><subfield code="c">MIU</subfield><subfield code="p">mdp.39015079128032</subfield><subfield code="s">MIU</subfield><subfield code="1">006806858</subfield></datafield><datafield tag="974" ind1=" " ind2=" "><subfield code="b">MIU</subfield><subfield code="c">MIU</subfield><subfield code="d">20190719</subfield><subfield code="s">lit-dlps-dc</subfield><subfield code="u">mdp.39015079128032</subfield><subfield code="y">1447</subfield><subfield code="r">pd</subfield><subfield code="q">bib</subfield><subfield code="t">non-US bib date1 &lt; 1879</subfield></datafield></record></collection>